@BOOK{Smith:2023qr,
	title = {{B}ook {T}itle},
	publisher = {Publisher},
	author = {Smith, J.~M. and Jones, A.~B.},
	year = {2023},
	edition = {7th},
}

@ARTICLE{Smith:2024jd,
	author = {Jones, A.~B. and Smith, J.~M.},
	title = {{A}rticle {T}itle},
	journal = {Journal title},
	year = {2024},
	volume = {13},
	pages = {123-456},
	number = {52},
	month = {3},
	publisher = {Publisher},
	doi = {10.1038/s41586-021-03616-x},
}

@article{weik2019espresso,
	title={ESPResSo 4.3--an extensible software package for simulating soft matter systems},
	author={Weik, Florian and Weeber, Rudolf and Szuttor, Kai and Breitsprecher, Konrad and de Graaf, Joost and Kuron, Michael and Landsgesell, Jonas and Menke, Henri and Sean, David and Holm, Christian},
	journal={The European Physical Journal Special Topics},
	volume={227},
	pages={1789--1816},
	year={2019},
	publisher={Springer}
}

@article{grass2008importance,
	title={Importance of Hydrodynamic Shielding for the Dynamic Behavior of Short Polyelectrolyte Chains},
	author={Grass, Kai and B{\"o}hme, Ute and Scheler, Ulrich and Cottet, Herv{\'e} and Holm, Christian},
	journal={Physical review letters},
	volume={100},
	number={9},
	pages={096104},
	year={2008},
	publisher={APS}
}